<?xml version="1.0" encoding="UTF-8"?><collection xmlns="http://www.loc.gov/MARC21/slim"><record><leader>00398nam--2200169-i-4500</leader><controlfield tag="001">000049636</controlfield><controlfield tag="002">20161230</controlfield><controlfield tag="005">20170113185114</controlfield><controlfield tag="008">060222s1000------------r-----000-0-eng-d</controlfield><datafield ind1=" " ind2=" " tag="080"><subfield code="a">550.34</subfield></datafield><datafield ind1=" " ind2=" " tag="100"><subfield code="a">Aranovich, Z. I</subfield></datafield><datafield ind1=" " ind2=" " tag="245"><subfield code="a">Zemletriaseniia shpicbergena</subfield></datafield><datafield ind1=" " ind2=" " tag="260"><subfield code="a">Moskva</subfield><subfield code="b">Nauka</subfield><subfield code="c">1987</subfield></datafield><datafield ind1=" " ind2=" " tag="300"><subfield code="a">81 S</subfield></datafield><datafield ind1=" " ind2=" " tag="700"><subfield code="a">Panasenko, G. D</subfield></datafield><datafield ind1=" " ind2=" " tag="852"><subfield code="a">74614</subfield></datafield><datafield ind1=" " ind2=" " tag="CAT"><subfield code="a">SYS</subfield><subfield code="c">20170113</subfield><subfield code="h">185114</subfield></datafield></record></collection>